<record xmlns='http://www.loc.gov/MARC21/slim'><leader>02249cam a2200397 i 4500</leader><controlfield tag='001'>8065222</controlfield><controlfield tag='005'>20200817190313.0</controlfield><controlfield tag='007'>kk co </controlfield><controlfield tag='008'>190823t19771977xna           000 0 eng  </controlfield><datafield ind1=' ' ind2=' ' tag='035'><subfield code='a'>8065222</subfield></datafield><datafield ind1=' ' ind2=' ' tag='040'><subfield code='a'>ANL</subfield><subfield code='b'>eng</subfield><subfield code='e'>rda</subfield></datafield><datafield ind1=' ' ind2=' ' tag='042'><subfield code='a'>anuc</subfield></datafield><datafield ind1=' ' ind2=' ' tag='043'><subfield code='a'>u-at---</subfield></datafield><datafield ind1='0' ind2='4' tag='245'><subfield code='a'>The 1977 Yamaha Senior Band Championships of N.S.W.</subfield></datafield><datafield ind1=' ' ind2='3' tag='264'><subfield code='a'>[Wollongong] :</subfield><subfield code='b'>Pacific Printers,</subfield><subfield code='c'>1977.</subfield></datafield><datafield ind1=' ' ind2='4' tag='264'><subfield code='c'>©1977</subfield></datafield><datafield ind1=' ' ind2=' ' tag='300'><subfield code='a'>1 broadside :</subfield><subfield code='b'>colour ;</subfield><subfield code='c'>52 x 37.5 cm</subfield></datafield><datafield ind1=' ' ind2=' ' tag='336'><subfield code='a'>still image</subfield><subfield code='2'>rdacontent</subfield></datafield><datafield ind1=' ' ind2=' ' tag='336'><subfield code='a'>text</subfield><subfield code='2'>rdacontent</subfield></datafield><datafield ind1=' ' ind2=' ' tag='337'><subfield code='a'>unmediated</subfield><subfield code='2'>rdamedia</subfield></datafield><datafield ind1=' ' ind2=' ' tag='338'><subfield code='a'>sheet</subfield><subfield code='2'>rdacarrier</subfield></datafield><datafield ind1=' ' ind2=' ' tag='500'><subfield code='a'>Caption title.</subfield></datafield><datafield ind1=' ' ind2=' ' tag='520'><subfield code='a'>Poster on orange paper, featuring three sepia-toned photographs of brass bands.</subfield></datafield><datafield ind1=' ' ind2=' ' tag='530'><subfield code='a'>Digital master available</subfield><subfield code='b'>National Library of Australia</subfield><subfield code='d'>nla.obj-1765115027</subfield></datafield><datafield ind1=' ' ind2=' ' tag='540'><subfield code='a'>Copyright restrictions may apply.</subfield></datafield><datafield ind1=' ' ind2=' ' tag='541'><subfield code='a'>National Library of Australia&apos;s copy is from the Jack Greaves Collection.</subfield><subfield code='5'>ANL</subfield></datafield><datafield ind1=' ' ind2=' ' tag='541'><subfield code='a'>National Library of Australia&apos;s copy is from the Jack Greaves Collection.</subfield><subfield code='5'>ANL</subfield></datafield><datafield ind1='1' ind2=' ' tag='544'><subfield code='n'>Other records relating to the Jack Greaves collection can be found in the Manuscripts Collection under the title &apos;Papers of Jack Greaves, 1857-2008&apos;.</subfield></datafield><datafield ind1='0' ind2=' ' tag='545'><subfield code='a'>Jack Greaves was a band historian, having been involved with the band movement since 1936 when he joined the Young Australia League Band. From 1987 he was the historical research officer for the Band Association of New South Wales. Greaves published a number of books including Legends in brass: Australian brass band achievers of the 20th century (with Chris Earl, 2001), and A musical mission of Empire: the story of the Australian Newcastle Steelworks Band (2005), and compiled a recording of historical brass band performances titled The great bands of Australia (1996).</subfield></datafield><datafield ind1=' ' ind2=' ' tag='580'><subfield code='a'>Other associated materials include Ephemera (PROMPT) Collection of programs and miscellaneous pieces available through Special Collections Reading Room.</subfield></datafield><datafield ind1='1' ind2='0' tag='600'><subfield code='a'>Greaves, Jack,</subfield><subfield code='d'>-2009.</subfield></datafield><datafield ind1=' ' ind2='0' tag='650'><subfield code='a'>Brass bands</subfield><subfield code='z'>Australia</subfield><subfield code='v'>Posters.</subfield></datafield><datafield ind1=' ' ind2='0' tag='650'><subfield code='a'>Bands (Music)</subfield><subfield code='x'>Competitions</subfield><subfield code='z'>Australia</subfield><subfield code='v'>Posters.</subfield></datafield><datafield ind1=' ' ind2='0' tag='650'><subfield code='a'>Performing arts</subfield><subfield code='z'>Australia</subfield><subfield code='v'>Posters.</subfield></datafield><datafield ind1=' ' ind2='0' tag='650'><subfield code='a'>Broadsides</subfield><subfield code='z'>Australia.</subfield></datafield><datafield ind1=' ' ind2=' ' tag='653'><subfield code='a'>Australian</subfield></datafield></record>